%% This BibTeX bibliography file was created using BibDesk.
%% https://bibdesk.sourceforge.io/

%% Created for Simoni Jain at 2022-06-06 09:47:11 -0500 


%% Saved with string encoding Unicode (UTF-8) 

	
@unpublished{danishreview_2019,
	author = {{Danish Ship Finance}},
	title = {Shipping Market Review},
	month = {December},
	url = {https://www.shipfinance.dk/media/2000/shipping-market-review-december-2019.pdf},
	year = {2019}}

@techreport{Army2023,
	author = {{U.S. Army Corps of Engineers}},
	title = {Waterborne Commerce Statistics Center},
	year = {2023},
    type = {https://ndc.ops.usace.army.mil/wcsc/webpub/\#/, accessed 17 October,}}

@techreport{Argus2021,
	author = {{Argus Media Group}},
	title = {Argus Freight},
	year = {2021},
    type = {https://www.argusmedia.com/en/crude-oil/argus-freight, accessed 24 June,}}

@techreport{Bloomberg2023,
	author = {{Bloomberg}},
	title = {U.S. crude oil and petroleum product spot prices},
	year = {2023},
    type = {accessed 31 July,}}

@techreport{EIApetroleum,
	author = {{U.S. Energy Information Administration}},
	title = {Petroleum and Other Liquids Data},
	year = {2023},
    type = {https://www.eia.gov/petroleum/data.php}
} 

@techreport{EIAintl,
	author = {{U.S. Energy Information Administration}},
	title = {International Petroleum and Other Liquids Annual},
	year = {2023},
    type = {https://www.eia.gov/international/data/world}
} 

@techreport{EIACBR,
	author = {{U.S. Energy Information Administration}},
	title = {Movements of Crude Oil and Selected Products by Rail between PAD Districts},
	year = {2024},
    type = {https://www.eia.gov/dnav/pet/PET\_MOVE\_RAIL\_A\_EPC0\_RAIL\_MBBL\_M.htm}
} 

@techreport{EIAeastgulfcoasts,
	author = {{U.S. Energy Information Administration}},
	title = {East Coast and Gulf Coast Transportation Fuels Markets},
	year = {2016},
    type = {https://www.eia.gov/analysis/transportationfuels/padd1n3/pdf/transportation\_fuels\_padd1n3.pdf}
} 

@techreport{EIAcolonial,
	author = {{U.S. Energy Information Administration}},
	title = {Today in Energy: Cyberattack Halts Fuel Movement on Colonial Petroleum Pipeline},
	year = {2021},
    type = {https://www.eia.gov/todayinenergy/detail.php?id=47917}
} 

@techreport{EIAFL2023,
	author = {{U.S. Energy Information Administration}},
	title = {Today in Energy: Florida's Growing Population is Increasing its Fuel Consumption},
	year = {2023},
    type = {https://www.eia.gov/todayinenergy/detail.php?id=60943}
} 

@techreport{EIAcolonialflow,
	author = {{U.S. Energy Information Administration}},
	title = {East Coast and Gulf Coast Transportation Fuels Markets},
	year = {2016}
}

@techreport{EIAtankers2022,
	author = {{U.S. Energy Information Administration}},
	title = {Today in Energy: Tanker Rates for Refined Petroleum Products Reach Multiyear Highs During 2022},
	year = {2022},
    type = {https://www.eia.gov/todayinenergy/detail.php?id=55039}
} 

@techreport{EIAFL,
	author = {{U.S. Energy Information Administration}},
	title = {Today in Energy: Florida Gasoline Supply Sources and Prices Reflect Broader Market Shifts},
	year = {2014},
    type = {https://www.eia.gov/todayinenergy/detail.php?id=15651}
} 

@techreport{EIAPADDs,
	author = {{U.S. Energy Information Administration}},
	title = {Petroleum Administration for Defense Districts},
	year = {2023},
    type = {https://www.eia.gov/petroleum/marketing/monthly/pdf/paddmap.pdf; accessed 6 September,}
}        

@techreport{EIAVI,
	author = {{U.S. Energy Information Administration}},
	title = {U.S. Virgin Islands Territory Profile and Energy Estimates},
	year = {2023},
    type = {https://www.eia.gov/state/analysis.php?sid=VQ}
}     
    
@techreport{Searoutes2023,
	author = {{Searoutes}},
	title = {Sea + Inland Routing},
	year = {2023},
    type = {https://searoutes.com/routing-api, last accessed 4 October,}}


@misc{SPglobal_exports_2018,
    author={{S\&P Global}},
    title={US Gulf Coast Export Crudes FAQ},
    year={2018},
    note={[Online; \url{https://www.spglobal.com/commodityinsights/PlattsContent/_assets/_files/en/our-methodology/methodology-specifications/usgc-export-crude-faq.pdf}; accessed 10 October, 2023]}
}

@misc{SPglobal_2017,
    author={{S\&P Global}},
    title={Platts Methodology and Specifications Guide: Crude Oil},
    year={2017},
    note={[Online; \url{https://www.platts.com/IM.Platts.Content/MethodologyReferences/MethodologySpecs/Crude-oil-methodology.pdf}; accessed 18 March, 2018]}
}
 
@misc{seafarers2020,
    author={{Seafarers Interantional Union}},
    title={GOP Senators Urge President to Leave Jones Act Alone},
    year={2020},
    month={April},
    day={30},
    note={[Online; \url{https://www.seafarers.org/gop-senators-urge-president-to-leave-jones-act-alone/]}}
}
 
@article{Reuters_Colonial,
	author = {Kumar, Devika Krishna and Renshaw, Jarrett},
	journal = {Reuters},
	title = {Fuel Shippers Seek U.S. Review of `Exceessive' Colonial Pipeline Rates},
	month = {December},
	day = {8},
	year = {2017}
}

@article{SPglobal_2020,
	author = {Brian Scheid},
	journal = {S\&P Global Commodity Insights},
	title = {End of Cosco Sanctions Shows US Reluctance For Penalizing Key Oil Market Players: Analysts},
	month = {February},
	day = {3},
	year = {2020}}
 
@article{SPglobal_PR,
	author = {Matthew Kohlman},
	journal = {S\&P Global Commodity Insights},
	title = {Faraway War Slows Puerto Rico's Refined Oil Product Imports, Especially from Russia, Baltics},
	month = {April},
	day = {13},
	year = {2022}
}
 
@book{Olson,
	author = {Olson, Mancur},
	title = {The Logic of Collective Action: Public Goods and the Theory of Groups},
	publisher = {Harvard University Press},
	year = {1965}
}
	    
@techreport{CRS2017,
	author = {Frittelli, John},
	title = {Shipping U.S. Crude Oil by Water: Vessel Flag
Requirements and Safety Issues},
	year = {2014},
    type = {Congressional Research Service report R43653}
}	
	    
@techreport{CRS2019,
	author = {Frittelli, John},
	title = {Shipping Under the Jones Act: Legislative and Regulatory Background},
	year = {2019},
    type = {Congressional Research Service report R45725}
}

@techreport{CRS2024,
	author = {Frittelli, John},
	title = {The Global Oil Tanker Market: An Overview as It Relates to Sanctions},
	year = {2024},
    type = {Congressional Research Service report R47962}
}

@techreport{OECD2019,
	author = {Gourdon, Karin and Guilhoto, Joaquim J.M.},
	title = {Local Content Requirements and Their Economic Effect on Shipbuilding --- a Quantitative Assessment},
	year = {2019},
    type = {OECD Science, Technology, and Industry Policy Papers number 69}
}
 	    
@techreport{USITC2002,
	author = {{U.S. International Trade Commission}},
	title = {The Economic Effects of Significant U.S. Import Constraints},
	year = {2002},
    type = {publication 3519}
}
       	    
@techreport{coleman2017,
	author = {Coleman, James W.},
	title = {Repeal the Jones Act for American Energy},
	year = {2017},
    type = {paper released by the Regulatory Transparency Project of the Federalist Society}
}

@article{brancaccioetal2020,
 title = {Geography, Transportation, and Endogenous Trade Costs},
 author = {Brancaccio, Giulia and Myrto Kalouptsidi and Theodore Papageorgiou},
  journal={Econometrica},
  volume={88},
  number={2},
  pages={657--691},
  year={2020}
}

@article{clay2019,
 title = {The External Costs Of Transporting Petroleum Products: Evidence From Shipments Of Crude Oil From North Dakota by Pipelines and Rail},
 author = {Clay, Karen and Akshaya Jha and Nicholas Muller and Randall Walsh},
  journal={Energy Journal},
  volume={40},
  number={1},
  pages={55--72},
  year={2019}
}

@techreport{covertkellogg2023,
 title = {Environmental Consequences of Hydrocarbon Infrastructure Policy},
 author = {Covert, Thomas R. and Kellogg, Ryan},
 type = {NBER working paper \#23855,},
 year = {2023}
}
        	    
@techreport{hillberryjimenez2022,
	author = {Hillberry, Russell and Jimenez, Manuel I.},
	title = {Economic Consequences of Cabotage Restrictions: The
Effect of the Jones Act on Puerto Rico},
	year = {2022},
    type = {working paper}
}
	
@article{Cato2018,
	author = {Coleman, James W.},
	journal = {Cato Online Forum},
	title = {Reforming the Jones Act for American Energy Consumer},
	month = {December},
	year = {2018}
}
	
@article{CatoJPMorgan2022,
	author = {Grabow, Colin},
	journal = {Cato At Liberty Blog},
	title = {Jones Act Waiver Could Save Drivers Billions at the Pump},
	month = {June},
	year = {2022}
}
	
@article{BbgJPMorgan2022,
	author = {Kumar, Devika Krishna and Xu, Chunzi},
	journal = {Bloomberg},
	title = {East Coast Gas Would Only Drop a Dime If Jones Act Lifted, Says JP Morgan},
	month = {June},
	year = {2022}
}
	
@article{AEI2020,
	author = {Smith, Vincent H. and Hoxie, Philip G.},
	journal = {AEIdeas},
	title = {Oil and the Jones Act},
	month = {April},
	year = {2020}
}
	
@article{bloomberg2017,
	author = {Dlouhy, Jennifer A. and Traywick, Catherine},
	journal = {Bloomberg},
	title = {What the Jones Act Has To Do With Your Car's Gas Tank},
	month = {September},
	year = {2017}
}
	
@article{politico2022,
	author = {Olander, Olivia},
	journal = {Politico},
	title = {DHS Waives Jones Act for Puerto Rico to Supply Fuel After Hurricane},
	month = {September},
	year = {2022}
}

@article{gius2013,
	author = {Gius, Mark},
	journal = {Energy Policy},
	pages = {1058--1063},
	title = {Regulatory Restrictions and Energy: The Impact of the Jones Act on Spot Gasoline Prices},
	volume = {62},
	year = {2013}
}
	
@misc{hernandezetal_2019,
    title = {A Cost-Benefit Analysis of the Jones Act: Petroleum Product Tankers},
    author = {Hern\'{a}ndez, Igor and Medlock III, Kenneth B. and Mikulsa, Anna and Temzelides, Ted},
    note = {Rice University Baker Institute for Public Policy working paper},
    year = {2019}
}

@article{olney2020,
	author = {Olney, William W.},
	journal = {Journal of International Economics},
	pages = {103378},
	title = {Cabotage sabotage? The curious case of the Jones Act},
	volume = {127},
	year = {2020}
}

@article {melitz_econofact,
	title = {The Jones Act and the Cost of Shipping Between U.S. Ports},
	journal = {EconoFact},
	year = {2017},
	url = {http://econofact.org/the-jones-act-and-the-cost-of-shipping-between-u-s-ports},
	author = {Dan Bergstresser and Marc Melitz}
}

@article{Lee2023,
  author       = {Thomas Lee},
  title        = {In the Waters Off Massachusetts, a Hunt for Foreign Ships Building Wind Farms},
  journal      = {The Boston Globe},
  year         = {2023},
  month        = {Aug},
  day          = {19},
  url          = {https://www.bostonglobe.com/2023/08/19/business/waters-off-massachusetts-hunt-foreign-ships-building-wind-farms/}
}
